<record><leader>00000cas a2200000 a 4500</leader><controlfield tag="001">9988133</controlfield><controlfield tag="008">831006c19519999nyuwr ne      0    0eng c</controlfield><datafield ind1=" " ind2=" " tag="010"><subfield code="a">sn 83031825 </subfield></datafield><datafield ind1=" " ind2=" " tag="040"><subfield code="a">NPU</subfield><subfield code="b">eng</subfield><subfield code="c">NPU</subfield><subfield code="d">NYS</subfield><subfield code="d">OCLCQ</subfield><subfield code="d">OCLCF</subfield><subfield code="d">OCLCO</subfield></datafield><datafield ind1="1" ind2=" " tag="029"><subfield code="a">AU@</subfield><subfield code="b">000020629823</subfield></datafield><datafield ind1=" " ind2=" " tag="042"><subfield code="a">pcc</subfield></datafield><datafield ind1=" " ind2=" " tag="043"><subfield code="a">n-us-ny</subfield></datafield><datafield ind1="0" ind2="4" tag="245"><subfield code="a">The Eastchester record.</subfield></datafield><datafield ind1=" " ind2=" " tag="260"><subfield code="a">Tuckahoe, N.Y. :</subfield><subfield code="b">Eastchester Publishers</subfield></datafield><datafield ind1=" " ind2=" " tag="300"><subfield code="a">v. :</subfield><subfield code="b">ill. ;</subfield><subfield code="c">58 cm.</subfield></datafield><datafield ind1=" " ind2=" " tag="310"><subfield code="a">Weekly</subfield></datafield><datafield ind1="0" ind2=" " tag="362"><subfield code="a">(Dec. 6, 1951).</subfield></datafield><datafield ind1=" " ind2=" " tag="500"><subfield code="a">Isued by Martinelli Publications, Yonkers, N.Y.: Mar. 16, 1961-</subfield></datafield><datafield ind1=" " ind2=" " tag="500"><subfield code="a">Special issue, Jan. 25, 1973 has title page of Tuckahoe record and reprints articles from earlier issues of the Eastchester record and its predecessors.</subfield></datafield><datafield ind1=" " ind2=" " tag="515"><subfield code="a">Continues the numbering of: Eastchester citizen.</subfield></datafield><datafield ind1=" " ind2=" " tag="588"><subfield code="a">Description based on: Vol. 71, no. 47 (June 18, 1964). Latest issue consulted: vol. 86, no. 5 (Oct. 14, 1976).</subfield></datafield><datafield ind1=" " ind2="0" tag="651"><subfield code="a">Eastchester (N.Y. : Town)</subfield><subfield code="v">Newspapers.</subfield></datafield><datafield ind1=" " ind2="0" tag="651"><subfield code="a">Tuckahoe (Westchester County, N.Y.)</subfield><subfield code="v">Newspapers.</subfield></datafield><datafield ind1=" " ind2="0" tag="651"><subfield code="a">Bronxville (N.Y.)</subfield><subfield code="v">Newspapers.</subfield></datafield><datafield ind1=" " ind2="0" tag="651"><subfield code="a">Westchester County (N.Y.)</subfield><subfield code="v">Newspapers.</subfield></datafield><datafield ind1=" " ind2="7" tag="655"><subfield code="a">Newspapers.</subfield><subfield code="2">fast</subfield><subfield code="0">(OCoLC)fst01423814</subfield></datafield><datafield ind1=" " ind2="7" tag="651"><subfield code="a">New York (State)</subfield><subfield code="z">Bronxville.</subfield><subfield code="2">fast</subfield><subfield code="0">(OCoLC)fst01214694</subfield></datafield><datafield ind1=" " ind2="7" tag="651"><subfield code="a">New York (State)</subfield><subfield code="z">Eastchester (Town)</subfield><subfield code="2">fast</subfield><subfield code="0">(OCoLC)fst01334032</subfield></datafield><datafield ind1=" " ind2="7" tag="651"><subfield code="a">New York (State)</subfield><subfield code="z">Tuckahoe (Westchester County)</subfield><subfield code="2">fast</subfield><subfield code="0">(OCoLC)fst01314603</subfield></datafield><datafield ind1=" " ind2="7" tag="651"><subfield code="a">New York (State)</subfield><subfield code="z">Westchester County.</subfield><subfield code="2">fast</subfield><subfield code="0">(OCoLC)fst01202684</subfield></datafield><datafield ind1=" " ind2=" " tag="752"><subfield code="a">United States</subfield><subfield code="b">New York</subfield><subfield code="c">Westchester</subfield><subfield code="d">Tuckahoe.</subfield></datafield><datafield ind1="0" ind2="0" tag="780"><subfield code="t">Tuckahoe Eastchester record</subfield><subfield code="w">(DLC)sn2003060483</subfield><subfield code="w">(OCoLC)53311017</subfield></datafield></record>